<?xml version="1.0" encoding="UTF-8"?><record xmlns="http://www.loc.gov/MARC21/slim" xmlns:cinclude="http://apache.org/cocoon/include/1.0" xmlns:zs="http://www.loc.gov/zing/srw/">
  <leader>00419nz  a2200121n  4500</leader>
  <controlfield tag="001">n  85025511 </controlfield>
  <controlfield tag="003">DLC</controlfield>
  <controlfield tag="005">19850525072158.8</controlfield>
  <controlfield tag="008">850424n| acannaab|          |n aaa |||  </controlfield>
  <datafield tag="010" ind1=" " ind2=" ">
    <subfield code="a">n  85025511 </subfield>
  </datafield>
  <datafield tag="040" ind1=" " ind2=" ">
    <subfield code="a">DLC</subfield>
    <subfield code="c">DLC</subfield>
    <subfield code="d">DLC</subfield>
  </datafield>
  <datafield tag="100" ind1="1" ind2="0">
    <subfield code="a">Lere, Mark,</subfield>
    <subfield code="d">1950-</subfield>
  </datafield>
  <datafield tag="670" ind1=" " ind2=" ">
    <subfield code="a">His Mark Lere, c1985:</subfield>
    <subfield code="b">p. 75 (b. 1950, La Moure, N.D.; BFA, Metro.  State Coll., Denver, Colo., 1973; MFA, Univ. of Calif., Irvine, 1976; lives in Los Angeles)</subfield>
  </datafield>
</record>